%Invertible Neural Networks: NF with multiple variables
@article{ardizzone2018analyzing,
  title={Analyzing inverse problems with invertible neural networks},
  author={Ardizzone, Lynton and Kruse, Jakob and Wirkert, Sebastian and Rahner, Daniel and Pellegrini, Eric W and Klessen, Ralf S and Maier-Hein, Lena and Rother, Carsten and K{\"o}the, Ullrich},
  journal={arXiv preprint arXiv:1808.04730},
  year={2018}
}

% Causal inference with VAEs
@inproceedings{louizos2017causal,
  title={Causal effect inference with deep latent-variable models},
  author={Louizos, Christos and Shalit, Uri and Mooij, Joris M and Sontag, David and Zemel, Richard and Welling, Max},
  booktitle={Advances in Neural Information Processing Systems},
  pages={6446--6456},
  year={2017}
}

% Causal GAN
@article{kocaoglu2017causalgan,
  title={Causalgan: Learning causal implicit generative models with adversarial training},
  author={Kocaoglu, Murat and Snyder, Christopher and Dimakis, Alexandros G and Vishwanath, Sriram},
  journal={arXiv preprint arXiv:1709.02023},
  year={2017}
}

% Causal confusion by Pim
@inproceedings{de2019causal,
  title={Causal confusion in imitation learning},
  author={de Haan, Pim and Jayaraman, Dinesh and Levine, Sergey},
  booktitle={Advances in Neural Information Processing Systems},
  pages={11693--11704},
  year={2019}
}
% Imitation learning
@article{torabi2019recent,
  title={Recent advances in imitation learning from observation},
  author={Torabi, Faraz and Warnell, Garrett and Stone, Peter},
  journal={arXiv preprint arXiv:1905.13566},
  year={2019}
}


% Causally correct RL, sent by Stratis
@article{rezende2020causally,
  title={Causally Correct Partial Models for Reinforcement Learning},
  author={Rezende, Danilo J and Danihelka, Ivo and Papamakarios, George and Ke, Nan Rosemary and Jiang, Ray and Weber, Theophane and Gregor, Karol and Merzic, Hamza and Viola, Fabio and Wang, Jane and others},
  journal={arXiv preprint arXiv:2002.02836},
  year={2020}
}

% Disentanglement with causal  stuff by Bengio
@inproceedings{
    Bengio2020A,
    title={A Meta-Transfer Objective for Learning to Disentangle Causal Mechanisms},
    author={Yoshua Bengio and Tristan Deleu and Nasim Rahaman and Nan Rosemary Ke and Sebastien Lachapelle and Olexa Bilaniuk and Anirudh Goyal and Christopher Pal},
    booktitle={International Conference on Learning Representations},
    year={2020},
    url={https://openreview.net/forum?id=ryxWIgBFPS}
}

% Causal signals in images
@inproceedings{lopez2017discovering,
  title={Discovering causal signals in images},
  author={Lopez-Paz, David and Nishihara, Robert and Chintala, Soumith and Scholkopf, Bernhard and Bottou, L{\'e}on},
  booktitle={Proceedings of the IEEE Conference on Computer Vision and Pattern Recognition},
  pages={6979--6987},
  year={2017}
}


% VAE
@article{kingma2013auto,
  title={Auto-encoding variational bayes},
  author={Kingma, Diederik P and Welling, Max},
  journal={arXiv preprint arXiv:1312.6114},
  year={2013}
}

% Fixing broken ELBO
@article{alemi2017fixing,
  title={Fixing a broken ELBO},
  author={Alemi, Alexander A and Poole, Ben and Fischer, Ian and Dillon, Joshua V and Saurous, Rif A and Murphy, Kevin},
  journal={arXiv preprint arXiv:1711.00464},
  year={2017}
}


%RealNVP
@article{dinh2016density,
  title={Density estimation using real nvp},
  author={Dinh, Laurent and Sohl-Dickstein, Jascha and Bengio, Samy},
  journal={arXiv preprint arXiv:1605.08803},
  year={2016}
}

% normalising flow review paper
@article{papamakarios2019normalizing,
  title={Normalizing flows for probabilistic modeling and inference},
  author={Papamakarios, George and Nalisnick, Eric and Rezende, Danilo Jimenez and Mohamed, Shakir and Lakshminarayanan, Balaji},
  journal={arXiv preprint arXiv:1912.02762},
  year={2019}
}


% Gaussianisation flows
@article{meng2020gaussianization,
  title={Gaussianization Flows},
  author={Meng, Chenlin and Song, Yang and Song, Jiaming and Ermon, Stefano},
  journal={arXiv preprint arXiv:2003.01941},
  year={2020}
}

% Flows vs GANs paper
@article{liu2020flows,
  title={Flows Succeed Where GANs Fail: Lessons from Low-Dimensional Data},
  author={Liu, Tianci and Regier, Jeffrey},
  journal={arXiv preprint arXiv:2006.10175},
  year={2020}
}

% Gaussianisation
@inproceedings{chen2001gaussianization,
  title={Gaussianization},
  author={Chen, Scott Saobing and Gopinath, Ramesh A},
  booktitle={Advances in neural information processing systems},
  pages={423--429},
  year={2001}
}

% GAN
@inproceedings{goodfellow2014generative,
  title={Generative adversarial nets},
  author={Goodfellow, Ian and Pouget-Abadie, Jean and Mirza, Mehdi and Xu, Bing and Warde-Farley, David and Ozair, Sherjil and Courville, Aaron and Bengio, Yoshua},
  booktitle={Advances in neural information processing systems},
  pages={2672--2680},
  year={2014}
}

%Condtional GAN
@article{mirza2014conditional,
  title={Conditional generative adversarial nets},
  author={Mirza, Mehdi and Osindero, Simon},
  journal={arXiv preprint arXiv:1411.1784},
  year={2014}
}



% Causal Effect inference review
@article{mooij2016distinguishing,
  title={Distinguishing cause from effect using observational data: methods and benchmarks},
  author={Mooij, Joris M and Peters, Jonas and Janzing, Dominik and Zscheischler, Jakob and Sch{\"o}lkopf, Bernhard},
  journal={The Journal of Machine Learning Research},
  volume={17},
  number={1},
  pages={1103--1204},
  year={2016},
  publisher={JMLR. org}
}

% causal graph inference
@inproceedings{hoyer2009nonlinear,
  title={Nonlinear causal discovery with additive noise models},
  author={Hoyer, Patrik O and Janzing, Dominik and Mooij, Joris M and Peters, Jonas and Sch{\"o}lkopf, Bernhard},
  booktitle={Advances in neural information processing systems},
  pages={689--696},
  year={2009}
}

% Counterfactual representaitons, had results on par with CEVAE
@inproceedings{johansson2016learning,
  title={Learning representations for counterfactual inference},
  author={Johansson, Fredrik and Shalit, Uri and Sontag, David},
  booktitle={International conference on machine learning},
  pages={3020--3029},
  year={2016}
}

% More complex causal graphs with more proxies
@article{miao2018identifying,
  title={Identifying causal effects with proxy variables of an unmeasured confounder},
  author={Miao, Wang and Geng, Zhi and Tchetgen Tchetgen, Eric J},
  journal={Biometrika},
  volume={105},
  number={4},
  pages={987--993},
  year={2018},
  publisher={Oxford University Press}
}

% Something with graphs and proxy variables. Predecessor of Miao 2018
@article{kuroki2014measurement,
  title={Measurement bias and effect restoration in causal inference},
  author={Kuroki, Manabu and Pearl, Judea},
  journal={Biometrika},
  volume={101},
  number={2},
  pages={423--437},
  year={2014},
  publisher={Oxford University Press}
}

% Causal grpah paper from stratis
@article{parafita2020causal,
    title={Causal Inference with Deep Causal Graphs},
    author={Parafita, Alvaro and Vitra, Jordi},
    journal={arXiv preprint arXiv: 2006.08380},
    year={2020}
}

% ITE/TARnet people
@inproceedings{shalit2017estimating,
  title={Estimating individual treatment effect: generalization bounds and algorithms},
  author={Shalit, Uri and Johansson, Fredrik D and Sontag, David},
  booktitle={Proceedings of the 34th International Conference on Machine Learning-Volume 70},
  pages={3076--3085},
  year={2017},
  organization={JMLR. org}
}

% That paper with the proper CI definitions that Fredrik sent to me
@article{kunzel2019metalearners,
  title={Metalearners for estimating heterogeneous treatment effects using machine learning},
  author={K{\"u}nzel, S{\"o}ren R and Sekhon, Jasjeet S and Bickel, Peter J and Yu, Bin},
  journal={Proceedings of the National Academy of Sciences},
  volume={116},
  number={10},
  pages={4156--4165},
  year={2019},
  publisher={National Acad Sciences}
}



% Normalising Flows
@article{rezende2016variational,
  title={Variational inference with normalizing flows},
  author={Rezende, Danilo Jimenez and Mohamed, Shakir},
  journal={arXiv preprint arXiv:1505.05770},
  year={2016}
}

% Sylvester Normalising Flow
@article{berg2018sylvester,
  title={Sylvester normalizing flows for variational inference},
  author={Berg, Rianne van den and Hasenclever, Leonard and Tomczak, Jakub M and Welling, Max},
  journal={arXiv preprint arXiv:1803.05649},
  year={2018}
}

% Normalising Flows earliest paper
@article{tabak2013family,
  title={A family of nonparametric density estimation algorithms},
  author={Tabak, Esteban G and Turner, Cristina V},
  journal={Communications on Pure and Applied Mathematics},
  volume={66},
  number={2},
  pages={145--164},
  year={2013},
  publisher={Wiley Online Library}
}

% video Flow
@article{kumar2019videoflow,
  title={Videoflow: A flow-based generative model for video},
  author={Kumar, Manoj and Babaeizadeh, Mohammad and Erhan, Dumitru and Finn, Chelsea and Levine, Sergey and Dinh, Laurent and Kingma, Durk},
  journal={arXiv preprint arXiv:1903.01434},
  year={2019}
}



% Causal inference in statistics
@article{pearl2009causal,
  title={Causal inference in statistics: An overview},
  author={Pearl, Judea and others},
  journal={Statistics surveys},
  volume={3},
  pages={96--146},
  year={2009},
  publisher={The author, under a Creative Commons Attribution License}
}

% Causal inference for empirical research
@article{pearl1995causal,
  title={Causal diagrams for empirical research},
  author={Pearl, Judea},
  journal={Biometrika},
  volume={82},
  number={4},
  pages={669--688},
  year={1995},
  publisher={Oxford University Press}
}

% causal inference review
@article{pearl2003statistics,
  title={Statistics and causal inference: A review},
  author={Pearl, Judea},
  journal={Test},
  volume={12},
  number={2},
  pages={281--345},
  year={2003},
  publisher={Springer}
}

% causal inference survey
@article{guo2020survey,
  title={A survey of learning causality with data: Problems and methods},
  author={Guo, Ruocheng and Cheng, Lu and Li, Jundong and Hahn, P Richard and Liu, Huan},
  journal={ACM Computing Surveys (CSUR)},
  volume={53},
  number={4},
  pages={1--37},
  year={2020},
  publisher={ACM New York, NY, USA}
}


% http://see.library.utoronto.ca/SEED/Vol4-3/Hulswit.htm

% Reparameterisation of Bernoulli: https://davidstutz.de/bernoulli-variational-auto-encoder-in-torch/
@article{jang2016categorical,
  title={Categorical reparameterization with gumbel-softmax},
  author={Jang, Eric and Gu, Shixiang and Poole, Ben},
  journal={arXiv preprint arXiv:1611.01144},
  year={2016}
}
@article{maddison2016concrete,
  title={The concrete distribution: A continuous relaxation of discrete random variables},
  author={Maddison, Chris J and Mnih, Andriy and Teh, Yee Whye},
  journal={arXiv preprint arXiv:1611.00712},
  year={2016}
}

% IHDP dataset
@article{hill2011bayesian,
  title={Bayesian nonparametric modeling for causal inference},
  author={Hill, Jennifer L},
  journal={Journal of Computational and Graphical Statistics},
  volume={20},
  number={1},
  pages={217--240},
  year={2011},
  publisher={Taylor \& Francis}
}

% IHDP dataset origin
@article{ramey1992infant,
  title={Infant Health and Development Program for low birth weight, premature infants: Program elements, family participation, and child intelligence},
  author={Ramey, Craig T and Bryant, Donna M and Wasik, Barbara H and Sparling, Joseph J and Fendt, Kaye H and La Vange, Lisa M},
  journal={Pediatrics},
  volume={89},
  number={3},
  pages={454--465},
  year={1992},
  publisher={Am Acad Pediatrics}
}


% Twins dataset
@article{almond2005costs,
  title={The costs of low birth weight},
  author={Almond, Douglas and Chay, Kenneth Y and Lee, David S},
  journal={The Quarterly Journal of Economics},
  volume={120},
  number={3},
  pages={1031--1083},
  year={2005},
  publisher={MIT Press}
}

% Number of DAGs
@incollection{robinson1977counting,
  title={Counting unlabeled acyclic digraphs},
  author={Robinson, Robert W},
  booktitle={Combinatorial mathematics V},
  pages={28--43},
  year={1977},
  publisher={Springer}
}


% Structured world model paper by Thomas and Elise
@article{kipf2019contrastive,
  title={Contrastive Learning of Structured World Models},
  author={Kipf, Thomas and van der Pol, Elise and Welling, Max},
  journal={arXiv preprint arXiv:1911.12247},
  year={2019}
}


% Imagenet
@inproceedings{deng2009imagenet,
  title={Imagenet: A large-scale hierarchical image database},
  author={Deng, Jia and Dong, Wei and Socher, Richard and Li, Li-Jia and Li, Kai and Fei-Fei, Li},
  booktitle={2009 IEEE conference on computer vision and pattern recognition},
  pages={248--255},
  year={2009},
  organization={Ieee}
}

% Machine translation
@article{bahdanau2014neural,
  title={Neural machine translation by jointly learning to align and translate},
  author={Bahdanau, Dzmitry and Cho, Kyunghyun and Bengio, Yoshua},
  journal={arXiv preprint arXiv:1409.0473},
  year={2014}
}

% music generation
@article{payne2019musenet,
  title={MuseNet},
  author={Payne, Christine},
  journal={OpenAI Blog},
  year={2019}
}


% double blind trials
@article{gotzsche1989methodology,
  title={Methodology and overt and hidden bias in reports of 196 double-blind trials of nonsteroidal antiinflammatory drugs in rheumatoid arthritis},
  author={G{\o}tzsche, Peter C},
  journal={Controlled clinical trials},
  volume={10},
  number={1},
  pages={31--56},
  year={1989},
  publisher={Elsevier}
}
